<record><leader>00000cas a22000007a 4500</leader><controlfield tag="001">16651760</controlfield><controlfield tag="008">870908d19271970pauwr ne      0    0eng d</controlfield><datafield ind1=" " ind2=" " tag="010"><subfield code="a">sn 87078586 </subfield></datafield><datafield ind1=" " ind2=" " tag="040"><subfield code="a">NPH</subfield><subfield code="b">eng</subfield><subfield code="c">NPH</subfield><subfield code="d">OCLCQ</subfield></datafield><datafield ind1=" " ind2=" " tag="042"><subfield code="a">msc</subfield></datafield><datafield ind1="0" ind2=" " tag="130"><subfield code="a">Inter=borough press (Spring City, Pa. : 1927)</subfield></datafield><datafield ind1="1" ind2="0" tag="245"><subfield code="a">Inter=borough press.</subfield></datafield><datafield ind1=" " ind2=" " tag="260"><subfield code="a">Spring City, Pa. :</subfield><subfield code="b">Leighton F. Hacker,</subfield><subfield code="c">-1970.</subfield></datafield><datafield ind1=" " ind2=" " tag="300"><subfield code="a">v.</subfield></datafield><datafield ind1=" " ind2=" " tag="310"><subfield code="a">Weekly,</subfield><subfield code="b">&lt;1934-&gt;</subfield></datafield><datafield ind1=" " ind2=" " tag="321"><subfield code="a">Semiweekly,</subfield><subfield code="b">&lt;1927-&gt;</subfield></datafield><datafield ind1="1" ind2=" " tag="362"><subfield code="a">Began in 1927.</subfield></datafield><datafield ind1="0" ind2=" " tag="362"><subfield code="a">-v. 98, no. 4 (Oct. 29, 1970).</subfield></datafield><datafield ind1=" " ind2=" " tag="500"><subfield code="a">Published also in Royersford, Pa.</subfield></datafield><datafield ind1=" " ind2=" " tag="500"><subfield code="a">Publisher: A.S. Eckert, &lt;1934&gt;.</subfield></datafield><datafield ind1=" " ind2=" " tag="588"><subfield code="a">Description based on: Vol. 16, no. 8 (Nov. 29, 1927).</subfield></datafield><datafield ind1=" " ind2=" " tag="752"><subfield code="a">United States</subfield><subfield code="b">Pennsylvania</subfield><subfield code="c">Chester</subfield><subfield code="d">Spring City.</subfield></datafield><datafield ind1=" " ind2=" " tag="752"><subfield code="a">United States</subfield><subfield code="b">Pennsylvania</subfield><subfield code="c">Montgomery</subfield><subfield code="d">Royersford.</subfield></datafield><datafield ind1="0" ind2="7" tag="785"><subfield code="t">Weekly advertiser (Royersford, Pa. : 1965)</subfield><subfield code="w">(DLC)sn 87078590</subfield></datafield><datafield ind1="0" ind2="7" tag="785"><subfield code="t">Reporter of the Spring-ford area</subfield><subfield code="w">(DLC)sn 87078516</subfield></datafield><datafield ind1="1" ind2=" " tag="029"><subfield code="a">AU@</subfield><subfield code="b">000025809097</subfield></datafield></record>